
@inproceedings{nurgizat_solar_2021,
	address = {Dubai, United Arab Emirates},
	title = {Solar sensor for {Cubesat} attitude determination},
	copyright = {https://ieeexplore.ieee.org/Xplorehelp/downloads/license-information/IEEE.html},
	isbn = {978-1-7281-8281-0},
	url = {https://ieeexplore.ieee.org/document/9665513/},
	doi = {10.1109/ICECS53924.2021.9665513},
	abstract = {This article addresses a design and implementation of sun sensor for the attitude determination system of a nanosatellite. The purpose of the sun sensor is a determination of the coordonnees of the ”satellite-sun” vector in the reference frame attached to the satellite. This is done by processing the photovoltaic signals issued from the solar sensors placed on the 6 sides of the satellite. The article presents a mathematical model of the sensor, the characteristics of the chosen solar panels, the methodology of calibration and details of the hardware and software implementation. The operability of the system is validated by a laboratory experiment, whose methodology is presented in details. The proposed algorithm of the sun sensor addresses the processing of the Earth albedo and the selfcalibration aspects.},
	language = {en},
	urldate = {2025-06-23},
	booktitle = {2021 28th {IEEE} {International} {Conference} on {Electronics}, {Circuits}, and {Systems} ({ICECS})},
	publisher = {IEEE},
	author = {Nurgizat, Yerkebulan and Balbayev, Gani and Galayko, Dimitri},
	month = nov,
	year = {2021},
	pages = {1--5},
	file = {PDF:C\:\\Users\\boude\\Zotero\\storage\\HRYFBXLE\\Nurgizat et al. - 2021 - Solar sensor for Cubesat attitude determination.pdf:application/pdf},
}

@article{nurgizat_low-cost_2023,
	title = {Low-{Cost} {Orientation} {Determination} {System} for {CubeSat} {Based} {Solely} on {Solar} and {Magnetic} {Sensors}},
	volume = {23},
	copyright = {https://creativecommons.org/licenses/by/4.0/},
	issn = {1424-8220},
	url = {https://www.mdpi.com/1424-8220/23/14/6388},
	doi = {10.3390/s23146388},
	abstract = {CubeSats require accurate determination of their orientation relative to the Sun, Earth, and other celestial bodies to operate successfully and collect scientiﬁc data. This paper presents an orientation system based on solar and magnetic sensors that offers a cost-effective and reliable solution for CubeSat navigation. Solar sensors analyze the illumination on each face to measure the satellite’s orientation relative to the Sun, while magnetic sensors determine the Earth’s magnetic ﬁeld vector in the satellite’s reference frame. By combining the measured data with the known ephemeris of the satellite, the satellite–Sun vector and the magnetic ﬁeld orientation can be reconstructed. The orientation is expressed using quaternions, representing the rotation from the internal reference system of the satellite to the selected reference system. The proposed system demonstrates the ability to accurately determine the orientation of a CubeSat using only two sensors, making it suitable for installations where more complex and expensive instruments are impractical. Additionally, the paper presents a mathematical model of a low-cost CubeSat orientation system and a hardware implementation of the sensor. The technology, using solar and magnetic sensors, provides a reliable and affordable solution for CubeSat navigation, supporting the increasing sophistication of miniature payloads and enabling accurate satellite positioning in space missions.},
	language = {en},
	number = {14},
	urldate = {2025-06-23},
	journal = {Sensors},
	author = {Nurgizat, Yerkebulan and Ayazbay, Abu-Alim and Galayko, Dimitri and Balbayev, Gani and Alipbayev, Kuanysh},
	month = jul,
	year = {2023},
	pages = {6388},
	file = {PDF:C\:\\Users\\boude\\Zotero\\storage\\J674HHKN\\Nurgizat et al. - 2023 - Low-Cost Orientation Determination System for CubeSat Based Solely on Solar and Magnetic Sensors.pdf:application/pdf},
}

@misc{noauthor_basic_nodate,
	title = {A {Basic} {Guide} to {Nanosatellites}},
	url = {https://alen.space/basic-guide-nanosatellites/},
	abstract = {Guide to nanosatellites: what should you know? What is a small satellite? Differences between CubeSats and conventional satellites.},
	language = {en-GB},
	urldate = {2025-06-24},
	journal = {Alén Space},
	file = {Snapshot:C\:\\Users\\boude\\Zotero\\storage\\U5T3LH9W\\basic-guide-nanosatellites.html:text/html},
}

@misc{center_ncei_nodate,
	title = {{NCEI} {Geomagnetic} {Calculators}},
	url = {https://www.ngdc.noaa.gov/geomag/calculators/magcalc.shtml},
	abstract = {NOAA's National Centers for Environmental Information (NCEI), formerly the National Geophysical Data Center, and the collocated World Data Service for Geophysics, Boulder, operated by NOAA/NESDIS/NCEI, archive and make available geomagnetic data and information relating to Earth's magnetic field and Earth-Sun environment, including current declination, geomagnetic field models and magnetic indices, geomagnetic observatory data, and geomagnetic surveys.},
	language = {EN-US},
	urldate = {2025-07-09},
	author = {Center, National Geophysical Data},
	note = {Publisher: U.S. Department of Commerce},
	file = {Snapshot:C\:\\Users\\boude\\Zotero\\storage\\CEHT4FMR\\magcalc.html:text/html},
}

@misc{noauthor_cubesat_2025,
	title = {{CubeSat}},
	copyright = {Creative Commons Attribution-ShareAlike License},
	url = {https://fr.wikipedia.org/w/index.php?title=CubeSat&oldid=225653051},
	abstract = {CubeSat, appelé également en France nanosatellite cubique, est un format de satellite artificiel qui est le plus couramment utilisé pour les engins de très petite taille (moins de 20 kilogrammes). Son cahier des charges définit sa forme, sa masse maximale ainsi que certaines des caractéristiques de ses composants et de son fonctionnement. Dans sa forme basique, appelée 1U, c'est un cube (d'où son appellation) de 10 × 10 × 10 centimètres de côté et dont la masse ne doit pas excéder deux kilogrammes. La majorité des CubeSats sont formés par la juxtaposition de plusieurs cubes élémentaires (de 2U jusqu'à 24U).
Le cahier des charges définissant les caractéristiques des Cubesats est rédigé en 1999 par l'Université polytechnique de Californie et l'université Stanford (États-Unis). L'objectif en est de réduire les coûts de lancement des très petits satellites et ainsi de permettre aux universités de développer et de placer en orbite leurs propres engins spatiaux. Le projet CubeSat assure la diffusion du standard et contribue à garantir l’adéquation des satellites avec la charge utile principale des lanceurs qui les mettent en orbite.
Les CubeSats sont maintenant de plus en plus utilisés pour des applications professionnelles, en particulier dans le domaine de l'observation de la Terre. Des constellations comprenant plusieurs dizaines de satellites sont déployées à partir des années 2000. En 2022, les CubeSats commencent à être utilisés pour des missions d'exploration du système solaire. La réalisation de satellites d'une taille aussi réduite a nécessité le développement d'équipements spécifiques compatibles avec la taille, la masse et la quantité d'énergie disponibles.
Le nombre de CubeSats satellisés chaque année est resté faible jusqu'en 2012. À compter de cette date, le nombre de CubeSats lancés a fortement cru et il était de 338 en 2022. Les opérateurs des lanceurs tels que Falcon 9 et PSLV proposent des vols consacrés en partie ou totalement à la mise en orbite de ce type de satellite, pour lesquels des dispositifs de déploiement spécifiques ont été mis au point. Les CubeSats 3U représentent la moitié du parc, suivis par les 6U et les 1U. Près de la moitié des CubeSats sont développés par des institutions et sociétés américaines.},
	language = {fr},
	urldate = {2025-07-11},
	journal = {Wikipédia},
	month = may,
	year = {2025},
	note = {Page Version ID: 225653051},
	file = {Snapshot:C\:\\Users\\boude\\Zotero\\storage\\MWYLHIU2\\index.html:text/html},
}
